%%%%%%%%%%%%%%%%%%%%%%%%%%%%%%%%%%%%%%%%%%%%%%%%%%%%%%%%%%%%%%%%%%%%%%%%%%%%
%% General Review Paper
%%%%%%%%%%%%%%%%%%%%%%%%%%%%%%%%%%%%%%%%%%%%%%%%%%%%%%%%%%%%%%%%%%%%%%%%%%%%

@article{FutureMicroprocessor2005,
  title={The future of microprocessors},
  author={Olukotun, K. and Hammond, L.},
  journal={Communications of the {ACM}},
  volume={3},
  number={7},
  pages={26--29},
  year={2009}
}

@inproceedings{DarkSilicon2011,
  title={Dark silicon and the end of multicore scaling},
  author={Esmaeilzadeh, H. and Blem, E. and Amant, R. St and Sankaralingam, K. and Burger, D.},
  booktitle={Proc. Int. Symp. Computer Architecture},
  pages={365--376},
  year={2011}
}


@article{borkar2005designing,
  title={Designing reliable systems from unreliable components: the challenges of transistor variability and degradation},
  author={Borkar, S.},
  journal={IEEE Micro},
  volume={25},
  number={6},
  pages={10--16},
  year={2005}
}

% ITRS 07
@manual{semiconductor2007international,
  title={International technology roadmap for semiconductors ({ITRS})},
  author={Semiconductor Industry Association},
  year={2007}
}

%%%%%%%%%%%%%%%%%%%%%%%%%%%%%%%%%%%%%%%%%%%%%%%%%%%%%%%%%%%%%%%%%%%%%%%%%%%%
%% Probabilistic Computing
%%%%%%%%%%%%%%%%%%%%%%%%%%%%%%%%%%%%%%%%%%%%%%%%%%%%%%%%%%%%%%%%%%%%%%%%%%%%

% Razor
@inproceedings{Razor2003,
  title         ="Razor: A low-power pipeline based on circuit-level timing speculation",
  author        ="Ernst, D. and Kim, N.S. and Das, S. and Pant, S. and Rao, R. and Pham, T. and Ziesler, C. and Blaauw, D. and Austin, T. and Flautner, K. and others",
  booktitle     ="Proc. Int. Symp. on Microarchitecture",
  pages         ="7--18",
  year          ="2003"
};

@article{Razor2004,
  title={Making typical silicon matter with razor},
  author={Austin, T. and Blaauw, D. and Mudge, T. and Flautner, K.},
  journal={IEEE Trans. on Computer},
  volume={37},
  number={3},
  pages={57--65},
  year={2004}
}


%% Rice Univ.
%% Overview of Palem
@inproceedings{palem2009sustaining,
  title={Sustaining moore's law in embedded computing through probabilistic and approximate design: retrospects and prospects},
  author={Palem, K. V. and Chakrapani, L. N. B. and Kedem, Z. M. and Lingamneni, A. and Muntimadugu, K. K.},
  booktitle={Proc. Int. Conf. Compilers, architecture, and synthesis for embedded systems},
  pages={1--10},
  year={2009}
}

%% Non-uniform voltage scaling
@inproceedings{NonUniformScaling,
    title={An approach to energy-error tradeoffs in approximate ripple carry adders},
    author={Kedem, Z. M. and Mooney, V. J. and Muntimadugu, K. K. and Palem, K. V.},
    booktitle={Proc. Int. Symp. on Low Power Electronics and Design},
    pages={211--216},
    year={2011}
}

% Undersigned 2x2 Multiplier, UCLA
@inproceedings{Undersigned2x2multiplier,
  title={Trading accuracy for power with an underdesigned multiplier architecture},
  author={Kulkarni, P. and Gupta, P. and Ercegovac, M.},
  booktitle={Proc. Int. Conf. on VLSI Design},
  pages={346--351},
  year={2011}
}

% Accuracy configurable adder, UC San Diego
@inproceedings{AccuracyConfigurableAdder,
  title={Accuracy-configurable adder for approximate arithmetic designs},
  author={Kahng, A. B. and Kang, S.},
  journal={Proc. Design Automation Conf.},
  pages={820--825},
  year={2012}
}

% Intel, approximation increases clock frequency
@article{IntelSpeeding,
  title={Speeding up processing with approximation circuits},
  author={Lu, S. L.},
  journal={IEEE Trans. on Computer},
  volume={37},
  number={3},
  pages={67--73},
  year={2004}
}

% Journal Version: imprecise adders
@article{Gupta2013TransCADICS,
  title={Low-Power Digital Signal Processing Using Approximate Adders},
  author={Gupta, V. and Mohapatra, D. and Raghunathan, A. and Roy, K.},
  journal={IEEE Trans. on Computer-Aided Design of Integrated Circuits and Systems},
  volume={32},
  number={1},
  pages={124--137},
  year={2013}
}

% Better than worst case design: a introduction
@article{NewBox2004,
  title={We may need a new box},
  author={Colwell, B.},
  journal={IEEE Trans. on Computer},
  volume={37},
  number={3},
  pages={40--41},
  year={2004},
  publisher={IEEE}
}

% Better than worst case design: a reivew and case study
@inproceedings{BetterThanWS2005,
  title={Opportunities and challenges for better than worst-case design},
  author={Austin, T. and Bertacco, V. and Blaauw, D. and Mudge, T.},
  journal={Proc. ASP-Design Automation Conf.},
  pages={2--7},
  year={2005}
}

%tea time
@article{TEAtime2004,
  title={Going beyond worst-case specs with {TEA}time},
  author={Uht, A. K.},
  journal={IEEE Trans. on Computer},
  volume={37},
  number={3},
  pages={51--56},
  year={2004}
}

%Probabilistic STA from Berkeley
@inproceedings{ProbabilisticSTA,
  title={From blind certainty to informed uncertainty},
  author={Keutzer, K. and Orshansky, M.},
  booktitle={Proc. Int. workshop on Timing Issues in the Specification and Synthesis of Digital Systems},
  pages={37--41},
  year={2002}
}

@inproceedings{JoshFCCM2012,
  title={Online Measurement of Timing in Circuits: For Health Monitoring and Dynamic Voltage \& Frequency Scaling},
  author={Levine, J. M. and Stott, E. and Constantinides, G. A. and Cheung, P. Y. K.},
  journal={Proc. Int. Symp. Field-Programmable Custom Computing Machines},
  pages={109--116},
  year={2012}
}

%% University of Washington
@inproceedings{EnerJ2011Uwash,
  title={EnerJ: Approximate data types for safe and general low-power computation},
  author={Sampson, A. and Dietl, W. and Fortuna, E. and Gnanapragasam, D. and Ceze, L. and Grossman, D.},
  booktitle={Proc. {ACM} SIGPLAN Notices},
  volume={46},
  number={6},
  pages={164--174},
  year={2011}
}

@inproceedings{Truffle2012Uwash,
  title={Architecture support for disciplined approximate programming},
  author={Esmaeilzadeh, H. and Sampson, A. and Ceze, L. and Burger, D.},
  booktitle={Proc. Int. Conf. Architectural Support for Programming Languages and Operating Systems},
  pages={301-312},
  year={2012}

}

@article{TransitionProb,
  title={Analytical estimation of signal transition activity from word-level statistics},
  author={Ramprassad, S. and Shanbha, N.R. and Hajj, I.N.},
  journal={IEEE Trans. on Computer-Aided Design of Integrated Circuits and Systems},
  year={1997},
  volume={16},
  number={7},
  pages={718-733}
}

%%%%%%%%%%%%%%%%%%%%%%%%%%%%%%%%%%%%%%%%%%%%%%%%%%%%%%%%%%%%%%%%%%%%%%%%%%%%
%% Word-length Optimization
%%%%%%%%%%%%%%%%%%%%%%%%%%%%%%%%%%%%%%%%%%%%%%%%%%%%%%%%%%%%%%%%%%%%%%%%%%%%
@article{GeorgeDT11,
    title={Numerical Data Representations for {FPGA}-Based Scientific Computing},
    author={Constantinides, G. A. and Nicolici, N. and Kinsman, A. B.},
    journal={IEEE Design Test of Computers},
    year={2011},
    volume={28},
    number={4},
    pages={8-17}
}

%%%%%%
%%  Simulation-based Approach
%%%%%%

@article{SungWLop_Simulation,
  title={Simulation-based word-length optimization method for fixed-point digital signal processing systems},
  author={Sung, W. and Kum, K.},
  journal={IEEE Trans. on Signal Processing},
  volume={43},
  number={12},
  pages={3087--3090},
  year={1995}
}

@inproceedings{RoldaoWLop_Simulation,
  title={More {flops} or more precision? accuracy parameterizable linear equation solvers for model predictive control},
  author={Roldao-Lopes, A. and Shahzad, A. and Constantinides, G. A. and Kerrigan, E. C.},
  booktitle={Proc. Int. Symp. Field Programmable Custom Computing Machines},
  pages={209--216},
  year={2009}
}

@article{lee2006accuracy,
  title={Accuracy-guaranteed bit-width optimization},
  author={Lee, D. U. and Gaffar, A. A. and Cheung, R. C. C. and Mencer, O. and Luk, W. and Constantinides, G. A.},
  journal={IEEE Trans. on Computer-Aided Design of Integrated Circuits and Systems},
  volume={25},
  number={10},
  pages={1990--2000},
  year={2006}
}

@article{buttari2007mixed,
  title={Mixed precision iterative refinement techniques for the solution of dense linear systems},
  author={Buttari, A. and Dongarra, J. and Langou, J. and Langou, J. and Luszczek, P. and Kurzak, J.},
  journal={Int. Jourl. of High Performance Computing Applications},
  volume={21},
  number={4},
  pages={457--466},
  year={2007},
  publisher={SAGE Publications}
}

% Interval Analysis
@book{moore1966IA,
  title={Interval analysis},
  author={Moore, R. E.},
  volume={60},
  year={1966},
  publisher={Prentice-Hall Englewood Cliffs, NJ}
}

% Affine Arithmetic
@article{de2004affine,
  title={Affine arithmetic: concepts and applications},
  author={De, F. and Luiz, H. and Stolfi, J.},
  journal={Numerical Algorithms},
  volume={37},
  number={1-4},
  pages={147--158},
  year={2004}
}

% SAT
@article{SAT2010,
  title={Bit-width allocation for hardware accelerators for scientific computing using SAT-modulo theory},
  author={Kinsman, A. B. and Nicolici, N.},
  journal={IEEE Trans. on Computer-Aided Design of Integrated Circuits and Systems},
  volume={29},
  number={3},
  pages={405--413},
  year={2010}
}

% Polynomial representation
@article{Boland2011TCAD,
  title={Bounding variable values and round-off effects using handelman representations},
  author={Boland, D. and Constantinides, G. A.},
  journal={IEEE Trans. on Computer-Aided Design of Integrated Circuits and Systems},
  volume={30},
  number={11},
  pages={1691--1704},
  year={2011}
}


% Digital IC Design: BOOK
@book{DigitalICDesign,
  title={Digital integrated circuits: a design perspective (2nd edition)},
  author={Rabaey, J. M. and Chandrakasan, A. P. and Nikolic, B.},
  year={2003},
  publisher={Prentice-Hall}
}

%%%%%%%%%%%%%%%%%%%%%%%%%%%%%%%%%%%%%%%%%%%%%%%%%%%%%%%%%%%%%%%%%%%%%%%%%%%%
%% Process Variation
%%%%%%%%%%%%%%%%%%%%%%%%%%%%%%%%%%%%%%%%%%%%%%%%%%%%%%%%%%%%%%%%%%%%%%%%%%%%
@inproceedings{FPGAPV,
  title={{FPGA} device and architecture evaluation considering process variations},
  author={Wong, H. Y. and Cheng, L. and Lin, Y. and He, L.},
  booktitle={Proc. Int. Conf. on Computer-Aided Design},
  pages={19--24},
  year={2005}
}

@inproceedings{gojman2013FPGA,
  title={{GROK-LAB}: generating real on-chip knowledge for intra-cluster delays using timing extraction},
  author={Gojman, B. and Nalmela, S. and Mehta, N. and Howarth, N. and DeHon, A.},
  booktitle={Proc. Int. Symp. on Field Programmable Gate Arrays},
  pages={81--90},
  year={2013}
}

%%%%%%%%%%%%%%%%%%%%%%%%%%%%%%%%%%%%%%%%%%%%%%%%%%%%%%%%%%%%%%%%%%%%%%%%%%%%
%% Online Arithmetic
%%%%%%%%%%%%%%%%%%%%%%%%%%%%%%%%%%%%%%%%%%%%%%%%%%%%%%%%%%%%%%%%%%%%%%%%%%%%
@book{Ercegovac_Book,
  title={Digital arithmetic},
  author={Ercegovac, M. D. and Lang, T.},
  year={2003},
  publisher={Morgan Kaufmann}
}

@inproceedings{Ercegovac_Overview,
  title={On-line arithmetic: An overview},
  author={Ercegovac, M. D.},
  booktitle={Proc. Annual Technical Symp. Real time signal processing VII},
  pages={86--93},
  year={1984}
  %organization={International Society for Optics and Photonics}
}

%%%%%%
%%  Redundant number systems and applications
%%%%%%

@article{RedundantMult_1985,
  title={High-speed VLSI multiplication algorithm with a redundant binary addition tree},
  author={Takagi, N. and Yasuura, H. and Yajima, S.},
  journal={IEEE Trans. on Computers},
  volume={100},
  number={9},
  pages={789--796},
  year={1985}
}

@article{RedundantMult_1987,
  title={A high-speed multiplier using a redundant binary adder tree},
  author={Harata, Y. and Nakamura, Y. and Nagase, H. and Takigawa, M. and Takagi, N.},
  journal={IEEE Jourl. of Solid-State Circuits},
  volume={22},
  number={1},
  pages={28--34},
  year={1987}
}


%%%%%%%%%%%%%%%%%%%%%%%%%%%%%%%%%%%%%%%%%%%%%%%%%%%%%%%%%%%%%%%%%%%%%%%%%%%%
%% FPGA specific
%%%%%%%%%%%%%%%%%%%%%%%%%%%%%%%%%%%%%%%%%%%%%%%%%%%%%%%%%%%%%%%%%%%%%%%%%%%%
@inproceedings{UnderwoodFPGAvsCPU,
 author = {Underwood, K.},
 title = {{FPGAs} vs. {CPUs}: trends in peak floating-point performance},
 booktitle = {Proc. Int. Symp. Field Programmable Gate Arrays},
 year = {2004},
 pages = {171--180}
}

@inproceedings{FowersFPGA12,
 author = {Fowers, J. and Brown, G. and Cooke, P. and Stitt, G.},
 title = {A performance and energy comparison of {FPGAs}, {GPUs}, and multicores for sliding-window applications},
 booktitle = {Proc. Int. Symp. Field Programmable Gate Arrays},
 year = {2012},
 pages = {47--56}
}

@inproceedings{David_MINRES,
  title={An {FPGA}-based implementation of the MINRES algorithm},
  author={Boland, D. and Constantinides, G. A.},
  booktitle={Proc. Int. Conf. Field Programmable Logic and Applications.},
  pages={379--384},
  year={2008},
  organization={IEEE}
}

%%%%%%%%%%%%%%%%%%%%%%%%%%%%%%%%%%%%%%%%%%%%%%%%%%%%%%%%%%%%%%%%%%%%%%%%%%%%
%% FPGA Implementation: Datasheet, application notes etc
%%%%%%%%%%%%%%%%%%%%%%%%%%%%%%%%%%%%%%%%%%%%%%%%%%%%%%%%%%%%%%%%%%%%%%%%%%%%
@manual{Virtex6Clocking,
  title={Virtex-6 {FPGA} Clocking Resources User Guide},
  author={Xilinx},
  keywords={clock, xilinx, datasheet}
  year={2011}
}

@misc{MMCM,
  title={Xilinx Application Note: {MMCM} Dynamic Reconfiguration},
  author={Kurbjun, K. and Ribbing, C.},
  year={2010}
}

@manual{Virtex6,
  title={Virtex-6 {FPGA} Configurable Logic Block User Guide},
  author={Xilinx},
  keywords={xilinx, datasheet}
  year={2009}
}

@misc{AlteraCyclone,
  title={Cyclone Device Handbook},
  author={Altera},
  year={2008},
  keywords={altera, datasheet}
}


%%%%%%%%%%%%%%%%%%%%%%%%%%%%%%%%%%%%%%%%%%%%%%%%%%%%%%%%%%%%%%%%%%%%%%%%%%%%
%% My papers
%%%%%%%%%%%%%%%%%%%%%%%%%%%%%%%%%%%%%%%%%%%%%%%%%%%%%%%%%%%%%%%%%%%%%%%%%%%%
@inproceedings{SKfccm13,
author = {Shi, K. and Boland, D. and Constantinides, G. A.},
title = {Accuracy-Performance Tradeoffs on an FPGA through Overclocking},
booktitle ={Proc. Int. Symp. Field-Programmable Custom Computing Machines},
volume = {0},
year = {2013},
pages = {29-36}
}